@article{ladson1988effects,
  title={Effects of independent variation of Mach and Reynolds numbers on the low-speed aerodynamic characteristics of the NACA 0012 airfoil section},
  author={Ladson, Charles L},
  year={1988}
}
