@misc{code, 
author = {Selim Belhaouane}, 
title = {{MECH 516 Projects}},
publisher = {GitHub}, 
journal = {GitHub Repository}, 
howpublished = {\url{https://github.com/Kreger51/mech_516/tree/master/project/gasdynamics}}, year = {2015},
}